@article{deJanvry2006349,
    title = {{Can conditional cash transfer programs serve as safety nets in keeping children at school and from working when exposed to shocks?}},
    year = {2006},
    journal = {Journal of Development Economics},
    author = {de Janvry, A and Finan, F and Sadoulet, E and Vakis, R},
    number = {2},
    pages = {349--373},
    volume = {79},
    url = {https://www.scopus.com/inward/record.uri?eid=2-s2.0-33645929064&doi=10.1016%2Fj.jdeveco.2006.01.013&partnerID=40&md5=69799b50cd02c1fecd5194b859e9b67b},
    doi = {10.1016/j.jdeveco.2006.01.013},
    issn = {03043878},
    keywords = {Mexico [North America]; North America, child development; child labor; education; panel d}
}

@article{Baird2011,
    title = {{Cash or condition? Evidence from a cash transfer experiment}},
    year = {2011},
    journal = {Quarterly Journal of Economics},
    author = {Baird, S. and McIntosh, C. and {\"{O}}zler, B.},
    number = {4},
    pages = {1709--1753},
    volume = {126},
    doi = {10.1093/qje/qjr032}
}

@article{Adato200960,
    title = {{Social protection to support vulnerable children and families: The potential of cash transfers to protect education, health and nutrition}},
    year = {2009},
    journal = {AIDS Care - Psychological and Socio-Medical Aspects of AIDS/HIV},
    author = {Adato, M and Bassett, L},
    number = {SUPPL. 1},
    pages = {60--75},
    volume = {21},
    url = {https://www.scopus.com/inward/record.uri?eid=2-s2.0-70350625516&doi=10.1080%2F09540120903112351&partnerID=40&md5=fea857ab1455f38ee658e0c8bbc235d9},
    doi = {10.1080/09540120903112351},
    issn = {09540121},
    keywords = {Acquired Immunodeficiency Syndrome; Adolescent; A, Government; Health Services Accessibility; HIV Se, Newborn; Male; Medical Assistance; Middle Aged; N, Preschool; Education; Female; Financing, acquired immune deficiency syndrome; article; chil}
}

@article{Skoufias20011769,
    title = {{Targeting the poor in Mexico: An evaluation of the selection of households into PROGRESA}},
    year = {2001},
    journal = {World Development},
    author = {Skoufias, E and Davis, B and Vega, S},
    number = {10},
    pages = {1769--1784},
    volume = {29},
    url = {https://www.scopus.com/inward/record.uri?eid=2-s2.0-0034817542&doi=10.1016%2FS0305-750X%2801%2900060-2&partnerID=40&md5=cf69880292e3be683b479ea9d8dd27ab},
    doi = {10.1016/S0305-750X(01)00060-2},
    issn = {0305750X},
    keywords = {Mexico, health education; household expenditure; nutrition}
}

@article{Skoufias20011769b,
    title = {{Targeting the poor in Mexico: An evaluation of the selection of households into PROGRESA}},
    year = {2001},
    journal = {World Development},
    author = {Skoufias, Emmanuel and Davis, Benjamin and Vega, Sergio},
    number = {10},
    pages = {1769--1784},
    volume = {29},
    url = {https://www.scopus.com/inward/record.uri?eid=2-s2.0-0034817542&doi=10.1016%2FS0305-750X%2801%2900060-2&partnerID=40&md5=cf69880292e3be683b479ea9d8dd27ab},
    doi = {10.1016/S0305-750X(01)00060-2},
    issn = {0305750X},
    keywords = {Education, Health, Mexico, Nutrition, PROGRESA, Poverty, Targeting, health education, household expenditure, nutrition}
}

@article{Miller2011230,
    title = {{The impact of the Social Cash Transfer Scheme on food security in Malawi}},
    year = {2011},
    journal = {Food Policy},
    author = {Miller, C M and Tsoka, M and Reichert, K},
    number = {2},
    pages = {230--238},
    volume = {36},
    url = {https://www.scopus.com/inward/record.uri?eid=2-s2.0-79952317472&doi=10.1016%2Fj.foodpol.2010.11.020&partnerID=40&md5=95081e0cab273adaf5ea76ebf1b90b4e},
    doi = {10.1016/j.foodpol.2010.11.020},
    issn = {03069192},
    keywords = {Malawi, diet; food consumption; food security; household e}
}

@book{JustPoor_Alternet_7-6-10.pdf,
    title = {{<Just Give Money to the Poor{\_}Alternet{\_}7-6-10.pdf>}},
    isbn = {9781565493339}
}

@article{Author2015AmericanAssociation,
    title = {{American Economic Association}},
    year = {2015},
    author = {Author, Merger and Source, George J Stigler and American, The and Review, Economic and Meeting, Annual and Asociation, American Economic and Url, Stable},
    number = {2},
    pages = {23--34},
    volume = {40}
}

@article{Lindert2005Brazil:Poor,
    title = {{Brazil: Bolsa Familia Program–Scaling-up Cash Transfers for the Poor}},
    year = {2005},
    journal = {Lynn, Karoly et al. Principles in Action: Sourcebook on Emerging Good Practices. En:< www. worldbank. org},
    author = {Lindert, Kathy},
    number = {January 2005},
    pages = {67--74},
    url = {http://www.mfdr.org/sourcebook/6-1brazil-bolsafamilia.pdf}
}

@article{deJanvry2006CanShocks,
    title = {{Can conditional cash transfer programs serve as safety nets in keeping children at school and from working when exposed to shocks?}},
    year = {2006},
    journal = {Journal of Development Economics},
    author = {de Janvry, Alain and Finan, Frederico and Sadoulet, Elisabeth and Vakis, Renos},
    number = {2},
    month = {4},
    pages = {349--373},
    volume = {79},
    doi = {10.1016/j.jdeveco.2006.01.013},
    issn = {03043878},
    keywords = {Child labor, Income shocks, Safety nets, Schooling}
}

@misc{Pettifor2012CanPrevention,
    title = {{Can money prevent the spread of HIV? A review of cash payments for HIV prevention}},
    year = {2012},
    booktitle = {AIDS and Behavior},
    author = {Pettifor, Audrey and MacPhail, Catherine and Nguyen, Nadia and Rosenberg, Molly},
    number = {7},
    month = {10},
    pages = {1729--1738},
    volume = {16},
    doi = {10.1007/s10461-012-0240-z},
    issn = {10907165},
    pmid = {22760738},
    keywords = {Cash transfer, Contingency management, HIV, Incentive, Incentives, Prevention, Review, Reward, Sexual behavior, Social protection}
}

@article{Pettifor2012CanPreventionb,
    title = {{Can money prevent the spread of HIV? A review of cash payments for HIV prevention}},
    year = {2012},
    journal = {AIDS and Behavior},
    author = {Pettifor, Audrey and MacPhail, Catherine and Nguyen, Nadia and Rosenberg, Molly},
    number = {7},
    pages = {1729--1738},
    volume = {16},
    doi = {10.1007/s10461-012-0240-z},
    issn = {10907165},
    pmid = {22760738},
    keywords = {Cash transfer, Contingency management, HIV, Incentive, Incentives, Prevention, Review, Reward, Sexual behavior, Social protection}
}

@article{Asfaw2014CashKenya,
    title = {{Cash Transfer Programme, Productive Activities and Labour Supply: Evidence from a Randomised Experiment in Kenya}},
    year = {2014},
    journal = {Journal of Development Studies},
    author = {Asfaw, Solomon and Davis, Benjamin and Dewbre, Josh and Handa, Sudhanshu and Winters, Paul},
    number = {8},
    pages = {1172--1196},
    volume = {50},
    doi = {10.1080/00220388.2014.919383},
    issn = {17439140}
}

@incollection{deWalque2017CashDevelopment,
    title = {{Cash Transfers and Child and Adolescent Development}},
    year = {2017},
    booktitle = {Disease Control Priorities, Third Edition (Volume 8): Child and Adolescent Health and Development},
    author = {de Walque, Damien and Fernald, Lia and Gertler, Paul and Hidrobo, Melissa},
    month = {11},
    pages = {325--342},
    publisher = {The World Bank},
    isbn = {9781464804236},
    doi = {10.1596/978-1-4648-0423-6{\_}ch23},
    pmid = {30212143}
}

@article{NorbertSchady2008CashEcuador,
    title = {{Cash Transfers, Conditions, and School Enrollment in Ecuador}},
    year = {2008},
    journal = {Econom{\'{i}}a},
    author = {{Norbert Schady} and {Maria Caridad Araujo}},
    number = {2},
    pages = {43--70},
    volume = {8},
    doi = {10.1353/eco.0.0004}
}

@book{Cunningham2018CAUSAL1.7,
    title = {{CAUSAL INFERENCE: THE MIXTAPE (V. 1.7)}},
    year = {2018},
    author = {Cunningham, Scott},
    pages = {328}
}

@article{Lagarde2009Cd008137,
    title = {{Cd008137}},
    year = {2009},
    author = {Lagarde, M and Haines, A and Palmer, N},
    number = {4}
}

@article{Lagard2007ConditionalMETHODS,
    title = {{Conditional Cash Transfers for Improving METHODS}},
    year = {2007},
    journal = {Jama},
    author = {Lagard, Mylene and Haines, Andy and Palmer, Natasha},
    number = {16},
    pages = {1900--10},
    volume = {298}
}

@article{Lagarde2007ConditionalReview,
    title = {{Conditional cash transfers for improving uptake of health interventions in low- and middle-income countries: A systematic review}},
    year = {2007},
    journal = {Journal of the American Medical Association},
    author = {Lagarde, Mylene and Haines, Andy and Palmer, Natasha},
    number = {16},
    pages = {1900--1910},
    volume = {298},
    doi = {10.1001/jama.298.16.1900},
    issn = {00987484},
    pmid = {17954541}
}

@article{Lagarde2007ConditionalReviewb,
    title = {{Conditional cash transfers for improving uptake of health interventions in low- and middle-income countries: A systematic review}},
    year = {2007},
    journal = {Journal of the American Medical Association},
    author = {Lagarde, M. and Haines, A. and Palmer, N.},
    number = {16},
    pages = {1900--1910},
    volume = {298},
    doi = {10.1001/jama.298.16.1900}
}

@article{Soares2007ConditionalPaper,
    title = {{Conditional cash transfers in Brazil, Chile and Mexico: impacts upon inequality Poverty Centre Working Paper}},
    year = {2007},
    journal = {International Poverty Centre},
    author = {Soares, Sergei and Os{\'{o}}rio, Rafael Guerreiro and Soares, Fábio Veras and Medeiros, Marcelo and Zepeda, Eduardo},
    number = {35},
    pages = {24},
    keywords = {Conditional Cash Transfers, Income Distribution}
}

@book{Fiszbein2009ConditionalReport,
    title = {{Conditional Cash Transfers: Reducing Present and Future Poverty, A World Bank Policy Research Report}},
    year = {2009},
    booktitle = {The World Bank},
    author = {Fiszbein, Ariel and Schady, Norbert and Ferreira, Francisco and Grosh, Margaret and Kelecher, Niall and Olinto, Pedro and Skoufias, Emmanuel},
    pages = {1--384},
    isbn = {9780821373521},
    issn = {1538-3598},
    pmid = {17954541},
    keywords = {Community Health Services, Community Health Services: economics, Community Health Services: utilization, Developing Countries, Economics, Education, Education: economics, Financial Support, Gift Giving, Health Behavior, Health Expenditures, Health Services Accessibility, Health Services Accessibility: economics, Health Status, Humans, Medical, Nutrition Assessment, Outcome and Process Assessment (Health Care), Preventive Health Services, Preventive Health Services: economics, Preventive Health Services: utilization, Social Work, Social Work: economics, Socioeconomic Factors, Vaccination, Vaccination: economics, Vaccination: utilization}
}

@article{Angulo2016CuatroColombia,
    title = {{Cuatro lecciones aprendidas con la implementaci{\'{o}}n del programa de transferencias monetarias condicionadas de Colombia}},
    year = {2016},
    journal = {Notas t{\'{e}}cnicas Banco Interamericano de Desarrollo},
    author = {Angulo, Roberto},
    pages = {22},
    volume = {958}
}

@article{Paxson2010DoesAnd,
    title = {{Does Money Matter? The Effects of Cash Transfers on Child Health and}},
    year = {2010},
    author = {Paxson, Christina and Schady World Bank nschady, Norbert and Bleakley, Hoyt and Case, Anne and Deaton, Angus and Ham, John and Miguel, Edward and Strauss, John and Izquierdo, Santiago and Le{\'{o}}n, Mauricio and Lucio, Ruth and Ponce, Juan and Rosero, José and V{\'{a}}zquez, Yajaira and Paxson Norbert Schady, Christina and Hall, Wallace},
    url = {https://openknowledge.worldbank.org/bitstream/handle/10986/7076/wps4226.pdf?sequence=1},
    keywords = {I12, JEL codes, O12}
}

@article{Ozer2009EffectsProblems,
    title = {{Effects of a conditional cash transfer program on children's behavior problems}},
    year = {2009},
    journal = {Pediatrics},
    author = {Ozer, Emily J. and Fernald, Lia C.H. and Manley, James G. and Gertler, Paul J.},
    number = {4},
    volume = {123},
    doi = {10.1542/peds.2008-2882},
    issn = {00314005},
    pmid = {19336354},
    keywords = {Behavior problems, Children, Conditional cash transfer, Economic, Mexico}
}

@article{Soares2010EvaluatingPerspective,
    title = {{Evaluating the impact of Brazil's Bolsa Fam{\'{i}}lia: Cash transfer programs in comparative perspective}},
    year = {2010},
    journal = {Latin American Research Review},
    author = {Soares, Fábio Veras and Ribas, Rafael Perez and Os{\'{o}}rio, Rafael Guerreiro},
    number = {2},
    pages = {173--190},
    volume = {45},
    url = {https://econpapers.repec.org/paper/ipcpubipc/296686.htm},
    issn = {15424278}
}

@article{Kennedy2014ExploringTanzania,
    title = {{Exploring the potential of a conditional cash transfer intervention to reduce HIV risk among young women in Iringa, Tanzania}},
    year = {2014},
    journal = {AIDS Care - Psychological and Socio-Medical Aspects of AIDS/HIV},
    author = {Kennedy, Caitlin E. and Brahmbhatt, Heena and Likindikoki, Samuel and Beckham, Sarah W. and Mbwambo, Jessie K. and Kerrigan, Deanna},
    number = {3},
    month = {3},
    pages = {275--281},
    volume = {26},
    doi = {10.1080/09540121.2013.824539},
    issn = {09540121},
    pmid = {23926908},
    keywords = {Cash transfer, HIV prevention, Qualitative research, Structural interventions, Tanzania}
}

@article{Llano2014FamiliasImpactos,
    title = {{Familias en Acci{\'{o}}n: la historia a la luz de sus impactos}},
    year = {2014},
    journal = {Coyuntura Econ{\'{o}}mica},
    author = {Llano, Jorge},
    number = {1},
    pages = {77--120},
    volume = {XLIV},
    keywords = {Capital humano, Evaluaci{\'{o}}n de Impacto, Pol{\'{i}}tica Social, Programa de Transferencias Condicionadas}
}

@misc{VelasquezFamiliasScholar,
    title = {{familias en acci{\'{o}}n: tensiones entre lo t{\'{e}}cnico... - Google Scholar}},
    author = {{Velasquez}},
    url = {https://scholar.google.com/scholar?hl=en&as_sdt=0%2C5&q=familias+en+acción%3A+tensiones+entre+lo+técnico+y+lo+sociopolítico+velásquez&btnG=}
}

@article{Shahzad1994HPPCI,
    title = {{H ow E ffective are A ntithrombotic T herapies in PPCI}},
    year = {1994},
    author = {Shahzad, Adeel},
    number = {May 2014}
}

@book{Duflo2017HandbookExperiments,
    title = {{Handbook of Field Experiments}},
    year = {2017},
    booktitle = {North-Holland},
    author = {Duflo, Esther and Banerjee, Abhijit},
    pages = {540},
    volume = {1},
    isbn = {9788578110796},
    issn = {1098-6596},
    pmid = {25246403}
}

@article{Case2005HeKwaZulu-Natal,
    title = {{he reach and impact of Child Support Grants: evidence from KwaZulu-Natal}},
    year = {2005},
    journal = {Development Southern Africa},
    author = {Case, Anne and Hosegood, Victoria and Lund, Frances},
    number = {4},
    volume = {22}
}

@article{Frank2006HeatAge,
    title = {{Heat or eat: The Low Income Home Energy Assistance Program and nutritional and health risks among children less than 3 years of age}},
    year = {2006},
    journal = {Pediatrics},
    author = {Frank, Deborah A. and Neault, Nicole B. and Skalicky, Anne and Cook, John T. and Wilson, Jacqueline D. and Levenson, Suzette and Meyers, Alan F. and Heeren, Timothy and Cutts, Diana B. and Casey, Patrick H. and Black, Maureen M. and Berkowitz, Carol},
    number = {5},
    volume = {118},
    url = {https://pediatrics.aappublications.org/content/118/5/e1293.short},
    doi = {10.1542/peds.2005-2943},
    issn = {00314005},
    pmid = {17079530},
    keywords = {Child nutrition, Food security, Growth, Hospitalizations, Low Income Home Energy Assistance Program}
}

@article{Imbens1994IdentificationEffects,
    title = {{Identification and Estimation of Local Average Treatment Effects}},
    year = {1994},
    journal = {Econometrica},
    author = {Imbens, Guido W. and Angrist, Joshua D.},
    number = {2},
    pages = {467},
    volume = {62},
    doi = {10.2307/2951620},
    issn = {00129682}
}

@article{Miller2008ImpactPilot,
    title = {{Impact Evaluation Report: External Evaluation of the Mchinji Social Cash Transfer Pilot}},
    year = {2008},
    author = {Miller, Candace and Tsoka, Maxton and Reichert, Kathryn},
    number = {May 2014},
    pages = {1--53}
}

@article{Barrera-Osorio2011ImprovingColombia,
    title = {{Improving the design of conditional transfer programs: Evidence from a randomized education experiment in Colombia}},
    year = {2011},
    journal = {American Economic Journal: Applied Economics},
    author = {Barrera-Osorio, Felipe and Bertrand, Marianne and Linden, Leigh L. and Perez-Calle, Francisco},
    number = {2},
    pages = {167--195},
    volume = {3},
    doi = {10.1257/app.3.2.167},
    issn = {19457782}
}

@article{Bernal2010LaColombia,
    title = {{La importancia de los programas para la primera infancia en Colombia}},
    year = {2010},
    journal = {Documentos CEDE},
    author = {Bernal, Raquel and Camacho, Adriana},
    pages = {1--114},
    volume = {20},
    url = {https://colaboracion.dnp.gov.co/CDT/Sinergia/Documentos/308_Programa_para_la_Primera_Infancia_en_Colombia_DOC.pdf http://economia.uniandes.edu.co},
    issn = {1657-5334}
}

@article{Robles2018Las2001-2018,
    title = {{Las transferencias condicionadas en Colombia: una historia del programa Familias en Acci{\'{o}}n (2001-2018)}},
    year = {2018},
    journal = {Centro de Estudios sobre Desarrollo Econ{\'{o}}mico CEDE},
    author = {Robles, Christian and Urrutia, Miguel},
    number = {October},
    pages = {41},
    volume = {54},
    keywords = {Colombia, Familias en Acci{\'{o}}n, pol{\'{i}}tica, social., subsidios, transferencias condicionadas}
}

@article{CarlosJoseBorbaValiente2012Ley1532,
    title = {{Ley 1532}},
    year = {2012},
    journal = {مجلة جامعة كركوك للدراسات الانسانية},
    author = {{Carlos Jos{\'{e}} Borba Valiente}},
    number = {June},
    pages = {1--25},
    volume = {7}
}

@article{PulidoBuitrago2013LosAccion,
    title = {{Los programas de transferencias monetarias condicionadas en America Latina: el caso de familias en acci{\'{o}}n}},
    year = {2013},
    journal = {Universidad Nacional de Colombia},
    author = {Pulido Buitrago, Claudia},
    pages = {211},
    url = {https://repositorio.unal.edu.co/handle/unal/48540 https://about.jstor.org/terms http://www.bdigital.unal.edu.co/41967/},
    isbn = {201916:43:53},
    keywords = {ARRAY(0x7f65fee4c7c0)}
}

@book{Balen2018MoneyLives,
    title = {{Money from the Government in Latin America: Conditional Cash Transfer Programs and Rural Lives}},
    year = {2018},
    author = {Balen, ME and Fotta, M},
    url = {https://sci-hub.do/https://books.google.com/books?hl=en&lr=&id=Jfh1DwAAQBAJ&oi=fnd&pg=PT9&dq=Money+from+government+in+Latin+America:+conditional+cash+transfers+and+rural+lives.+London:+Routledge&ots=Fb2S9HNv-i&sig=AdGThjSJ6SSmtGUpp4hS_50Plds}
}

@book{Angrist2008MostlyCompanion,
    title = {{Mostly Harmless Econometrics: An Empiricist’s Companion}},
    year = {2008},
    author = {Angrist, Joshua D and Pischke, Jörn-Ste¤en},
    number = {1},
    pages = {290}
}

@article{DeBrauw2011MustMexico,
    title = {{Must conditional cash transfer programs be conditioned to be effective? The impact of conditioning transfers on school enrollment in Mexico}},
    year = {2011},
    journal = {Journal of Development Economics},
    author = {De Brauw, Alan and Hoddinott, John},
    number = {2},
    pages = {359--370},
    volume = {96},
    publisher = {Elsevier B.V.},
    url = {http://dx.doi.org/10.1016/j.jdeveco.2010.08.014},
    doi = {10.1016/j.jdeveco.2010.08.014},
    issn = {03043878},
    keywords = {Cash transfers, Conditionality, Matching, PROGRESA, School enrollment}
}

@article{DeBrauw2011MustMexicob,
    title = {{Must conditional cash transfer programs be conditioned to be effective? The impact of conditioning transfers on school enrollment in Mexico}},
    year = {2011},
    journal = {Journal of Development Economics},
    author = {De Brauw, Alan and Hoddinott, John},
    number = {2},
    pages = {359--370},
    volume = {96},
    publisher = {Elsevier B.V.},
    url = {http://dx.doi.org/10.1016/j.jdeveco.2010.08.014},
    doi = {10.1016/j.jdeveco.2010.08.014},
    issn = {03043878},
    keywords = {Cash transfers, Conditionality, Matching, PROGRESA, School enrollment}
}

@techreport{BairdNationalCalifornia,
    title = {{National Health Sciences Research Committee in Malawi (protocol number: 569) and by the Human Research Protections Program Committee at University of California}},
    author = {Baird, Sarah and McIntosh, Craig and {\"{O}}zler, Berk and Bank, World},
    keywords = {cash transfers, education, gender, randomized intervention, sexual behavior}
}

@article{Cecchini2017ProgramasInversion,
    title = {{Programas de transferencias condicionadas en Am{\'{e}}rica Latina y el Caribe: tendencias de cobertura e inversion}},
    year = {2017},
    journal = {Series Politicas Sociales},
    author = {Cecchini, Simone and Atuesta, Bernardo},
    pages = {84},
    issn = {1680-8983}
}

@book{Ceccini2015ProgramasCaribe,
    title = {{Programas de transferencias condicionadas: Balance de la experiencia reciente en Am{\'{e}}rica Latina y el Caribe}},
    year = {2015},
    booktitle = {The effects of brief mindfulness intervention on acute pain experience: An examination of individual difference},
    author = {Ceccini, Simone and Madariaga, Aldo},
    pages = {227},
    volume = {1},
    isbn = {9788578110796},
    issn = {1098-6596},
    pmid = {25246403},
    arxivId = {arXiv:1011.1669v3}
}

@article{Ciolli2003Programas2003-2009,
    title = {{Programas de transferencias monetarias condicionadas en Argentina y el financiamiento del Banco Interamericano de Desarrollo (2003-2009)}},
    year = {2003},
    journal = {BID},
    author = {Ciolli, Vanesa P},
    url = {http://revistas.untref.edu.ar/index.php/ciudadanias/article/view/512},
    issn = {2545-7977}
}

@article{Stoeffler2016ReachingCameroon,
    title = {{Reaching the Poor: Cash Transfer Program Targeting in Cameroon}},
    year = {2016},
    journal = {World Development},
    author = {Stoeffler, Quentin and Mills, Bradford and del Ninno, Carlo},
    pages = {244--263},
    volume = {83},
    publisher = {Elsevier Ltd},
    url = {http://dx.doi.org/10.1016/j.worlddev.2016.01.012},
    doi = {10.1016/j.worlddev.2016.01.012},
    issn = {18735991},
    keywords = {Cameroon, Cash transfers, Community-Based Targeting (CBT), Proxy Means Testing (PMT), Social assistance targeting, Sub-Saharan Africa}
}

@article{Lee2010RegressionEconomics,
    title = {{Regression Discontinuity Designs in Economics}},
    year = {2010},
    journal = {Journal of economic literature},
    author = {Lee, David S. and Lemieux, Thomas},
    number = {1},
    pages = {281--355},
    volume = {48}
}

@article{Schultz2004SchoolProgram,
    title = {{School subsidies for the poor: Evaluating the Mexican Progresa poverty program}},
    year = {2004},
    journal = {Journal of Development Economics},
    author = {Schultz, T. Paul},
    number = {1},
    month = {6},
    pages = {199--250},
    volume = {74},
    doi = {10.1016/j.jdeveco.2003.12.009},
    issn = {03043878},
    keywords = {Mexico, Poverty program evaluation, School enrollment, School subsidies}
}

@article{Riccio2010SharingStates,
    title = {{Sharing Lessons from the First Conditional Cash Transfer Program in the United States}},
    year = {2010},
    journal = {Policy Brief},
    author = {Riccio, James},
    pages = {6}
}

@article{Alatas2012TargetingIndonesia,
    title = {{Targeting the Poor: Evidence from a Field Experiment in Indonesia}},
    year = {2012},
    journal = {American Economic Review},
    author = {Alatas, Vivi and Banerjee, Abhijit and Hanna, Rema and Olken, Benjamin A. and Tobias, Julia},
    number = {4},
    pages = {1206--1240},
    volume = {102},
    isbn = {00028282},
    issn = {00028282},
    pmid = {25197099},
    arxivId = {NIHMS150003}
}

@article{Sugiyama2011TheAmericas,
    title = {{The diffusion of conditional cash transfer programs in the Americas}},
    year = {2011},
    journal = {Global Social Policy},
    author = {Sugiyama, Natasha Borges},
    number = {2-3},
    month = {12},
    pages = {250--278},
    volume = {11},
    doi = {10.1177/1468018111421295},
    issn = {14680181},
    keywords = {Conditional Cash Transfer programs (CCTs), emulation, norms, policy diffusion, social sector reforms}
}

@article{Sugiyama2011TheAmericasb,
    title = {{The diffusion of conditional cash transfer programs in the Americas}},
    year = {2011},
    journal = {Global Social Policy},
    author = {Sugiyama, Natasha Borges},
    number = {2-3},
    month = {12},
    pages = {250--278},
    volume = {11},
    doi = {10.1177/1468018111421295},
    issn = {14680181},
    keywords = {Conditional Cash Transfer programs (CCTs), emulation, norms, policy diffusion, social sector reforms}
}

@article{Sugiyama2011TheAmericasc,
    title = {{The diffusion of conditional cash transfer programs in the Americas}},
    year = {2011},
    journal = {Global Social Policy},
    author = {Sugiyama, Natasha Borges},
    number = {2-3},
    pages = {250--278},
    volume = {11},
    doi = {10.1177/1468018111421295},
    issn = {14680181},
    keywords = {Conditional Cash Transfer programs (CCTs), emulation, norms, policy diffusion, social sector reforms}
}

@unpublished{Barrera-Osorio2007TheQuasi-experiment,
    title = {{The Effects of User Fee Reductions on Enrollment Evidence from a quasi-experiment}},
    year = {2007},
    booktitle = {Education},
    author = {Barrera-Osorio, Felipe and Linden, Leigh and Urquiola, Miguel},
    pages = {1--35},
    url = {http://documents.worldbank.org/curated/en/558981468247470812/The-effects-of-user-fee-reductions-on-enrollment-evidence-from-a-quasi-experiment}
}

@article{Stampini2012TheFar,
    title = {{The Growth of Conditional Cash Transfers in Latin America and the Caribbean: Did They Go Too Far?}},
    year = {2012},
    journal = {IDB Policy Brief},
    author = {Stampini, Marco and Tornarolli, Leopoldo},
    number = {November},
    volume = {IDB-PB-185},
    keywords = {(ii) the relationship between expanded coverage an, 61{\%} in Mexico over the period 2002-10. Beneficiari, America and the Caribbean (LAC) that aims to reduc, At the same time, Colombia and Mexico) have achieved coverage rates, Conditional Cash Transfers (CCTs) are an endogenou, LAC, and (iii) the change in beneficiary household char, and from 40{\%} to, and the poverty headcount index would be on averag, been implemented. A decade of sustained and widesp, by 2011 CCTs had spread to 18 countries in the reg, by increasing levels of leakage. For example, characterized by extremely low levels of schooling, developing the human capital of the next generatio, economic growth contributed to reducing the incide, expanded the fiscal space for social assistance. T, focusing on the quality of the services that accom, had CCTs not, household data shows that CCT beneficiaries remain, household survey data to document  (i) the evoluti, in order to, in the attempt to break the, increased from 46{\%} to 65{\%} in Ecuador over the peri, intergenerational transmission of poverty. Pioneer, late 1990s, many as  129  million beneficiaries. In this paper, maximize the impact on current and future poverty., most countries the transfers represent over 20{\%} of, outcomes. Hence, participation in formal labor markets have increas, per day (purchasing-power-parity adjusted)). Highe, poor in the region in 2006 (using a standardized i, poverty. As a result, remains high. The transition to the new generation, the analysis of, the need for social assistance and human capital d, the number of CCT beneficiaries overtook the numbe, the share of non-poor beneficiaries, unnecessary, we use administrative and, while further expansion of the programs may in man}
}

@article{Kilburn2020The068,
    title = {{The Impact of a Conditional Cash Transfer on Multidimensional Deprivation of Young Women: Evidence from South Africa’s HTPN 068}},
    year = {2020},
    journal = {Social Indicators Research},
    author = {Kilburn, Kelly and Ferrone, Lucia and Pettifor, Audrey and Wagner, Ryan and G{\'{o}}mez-Oliv{\'{e}}, F. Xavier and Kahn, Kathy},
    number = {3},
    pages = {865--895},
    volume = {151},
    url = {https://link.springer.com/content/pdf/10.1007/s11205-020-02367-y.pdf},
    doi = {10.1007/s11205-020-02367-y},
    issn = {15730921},
    keywords = {Cash transfer, Multidimensional poverty, South Africa, Young women}
}

@article{Lagarde2009TheCountries,
    title = {{The impact of conditional cash transfers on health outcomes and use of health services in low and middle income countries}},
    year = {2009},
    journal = {Cochrane Database of Systematic Reviews},
    author = {Lagarde, M. and Haines, A. and Palmer, N.},
    number = {4},
    doi = {10.1002/14651858.CD008137}
}

@article{Lagarde2009TheCountriesb,
    title = {{The impact of conditional cash transfers on health outcomes and use of health services in low and middle income countries}},
    year = {2009},
    journal = {Cochrane Database of Systematic Reviews},
    author = {Lagarde, Mylene and Haines, Andy and Palmer, Natasha},
    number = {4},
    doi = {10.1002/14651858.CD008137},
    issn = {1469493X},
    pmid = {19821444},
    keywords = {Developing countries [*economics], Financing, Health behavior, Health services accessibility [*economics, Medical assistance [economics, Outcome assessment (health care) [*economics], Poverty areas, Preventive health services [*economics, government [*economics, statistics {\&} numerical data], utilization]}
}

@article{Bursztyn2012TheFavelas,
    title = {{The Schooling Decision: Family Preferences, Intergenerational Conflict, and Moral Hazard in the Brazilian Favelas}},
    year = {2012},
    journal = {Journal of Political Economy},
    author = {Bursztyn, Leonardo and Coffman, Lucas C.},
    number = {3},
    pages = {359--397},
    volume = {120},
    doi = {10.1086/666746},
    issn = {00223808},
    keywords = {110 westwood plaza, bursztyn, ca 90095, development, edu, education, experiments, household, intergenerational, los angeles, management, schooling, ucla, ucla anderson school of}
}

@article{Baird2010TheWomen,
    title = {{The short-term impacts of a schooling conditional cash transfer program on the sexual behavior of young women}},
    year = {2010},
    journal = {Health Economics},
    author = {Baird, Sarah and Chirwa, Ephraim and McIntosh, Craig and {\"{O}}zler, Berk},
    number = {SUPPL. 1},
    pages = {55--68},
    volume = {19},
    doi = {10.1002/hec.1569},
    issn = {10579230},
    pmid = {19946887},
    keywords = {cash transfers, education, gender, randomized intervention, sexual behavior}
}

@article{O2010TRAVESMorale,
    title = {{TRAV{\'{E}}S DEL PROGRAMA FAMILIAS EN ACCI{\'{O}}N Informe Final Centro de Estudios sobre Desarrollo Econ{\'{o}}mico – CEDE Universidad de los Andes Director del Proyecto : Jorge Higinio Maldonado Asesores : Equipo de Investigaci{\'{o}}n : Liliana Chipategua Carlos Andr{\'{e}}s Morale}},
    year = {2010},
    author = {O, Leonardo García and Moreno, Pilar and O, Catherine Rodriguez}
}

@article{Dupas2016WhyExperiments,
    title = {{Why Don ' t the Poor Save More ? Evidence from Health Savings Experiments}},
    year = {2016},
    journal = {Amerian Economic Association},
    author = {Dupas, By Pascaline and Robinson, Jonathan},
    number = {4},
    pages = {1138--1171},
    volume = {103}
}